<record><leader>00000cas a2200000 a 4500</leader><controlfield tag="001">35286054</controlfield><controlfield tag="008">960822d18861887ohumr ne      0    0eng c</controlfield><datafield ind1=" " ind2=" " tag="010"><subfield code="a">sn 97027922 </subfield></datafield><datafield ind1=" " ind2=" " tag="040"><subfield code="a">OHT</subfield><subfield code="b">eng</subfield><subfield code="c">OHT</subfield><subfield code="d">FUG</subfield><subfield code="d">OCLCQ</subfield><subfield code="d">OCLCF</subfield><subfield code="d">OCLCO</subfield></datafield><datafield ind1="1" ind2=" " tag="029"><subfield code="a">AU@</subfield><subfield code="b">000013408609</subfield></datafield><datafield ind1=" " ind2=" " tag="042"><subfield code="a">pcc</subfield></datafield><datafield ind1=" " ind2=" " tag="043"><subfield code="a">n-us-oh</subfield><subfield code="a">n-us-fl</subfield></datafield><datafield ind1="0" ind2="4" tag="245"><subfield code="a">The Florida Chautauqua.</subfield></datafield><datafield ind1=" " ind2=" " tag="260"><subfield code="a">Cincinnati, O. :</subfield><subfield code="b">Western Methodist Book Concern,</subfield><subfield code="c">1886-1887.</subfield></datafield><datafield ind1=" " ind2=" " tag="300"><subfield code="a">2 v. :</subfield><subfield code="b">ill. ;</subfield><subfield code="c">38 cm.</subfield></datafield><datafield ind1=" " ind2=" " tag="310"><subfield code="a">Monthly,</subfield><subfield code="b">Apr. 1886-May 1887</subfield></datafield><datafield ind1=" " ind2=" " tag="321"><subfield code="a">Quarterly,</subfield><subfield code="b">Jan. 1886</subfield></datafield><datafield ind1="0" ind2=" " tag="362"><subfield code="a">Vol. 1, no. 1 (Jan. 1886)-v. 2, no. 3 (May 1887).</subfield></datafield><datafield ind1=" " ind2=" " tag="500"><subfield code="a">Editors: A.H. Gillet, D.D., J.L. Shearer.</subfield></datafield><datafield ind1=" " ind2=" " tag="500"><subfield code="a">"Devoted to the Interests of the Florida Chautauqua Assembly, the Chautauqua Idea, and Popular Education."</subfield></datafield><datafield ind1=" " ind2="0" tag="650"><subfield code="a">Chautauquas</subfield><subfield code="z">Florida</subfield><subfield code="v">Newspapers.</subfield></datafield><datafield ind1=" " ind2="0" tag="651"><subfield code="a">Cincinnati (Ohio)</subfield><subfield code="v">Newspapers.</subfield></datafield><datafield ind1=" " ind2="0" tag="651"><subfield code="a">Hamilton County (Ohio)</subfield><subfield code="v">Newspapers.</subfield></datafield><datafield ind1=" " ind2="0" tag="651"><subfield code="a">De Funiak Springs (Fla.)</subfield><subfield code="v">Newspapers.</subfield></datafield><datafield ind1=" " ind2="0" tag="651"><subfield code="a">Walton County (Fla.)</subfield><subfield code="v">Newspapers.</subfield></datafield><datafield ind1=" " ind2="7" tag="655"><subfield code="a">Newspapers.</subfield><subfield code="2">fast</subfield><subfield code="0">(OCoLC)fst01423814</subfield></datafield><datafield ind1=" " ind2="7" tag="650"><subfield code="a">Chautauquas.</subfield><subfield code="2">fast</subfield><subfield code="0">(OCoLC)fst00852616</subfield></datafield><datafield ind1=" " ind2="7" tag="651"><subfield code="a">Florida.</subfield><subfield code="2">fast</subfield><subfield code="0">(OCoLC)fst01205150</subfield></datafield><datafield ind1=" " ind2="7" tag="651"><subfield code="a">Florida</subfield><subfield code="z">De Funiak Springs.</subfield><subfield code="2">fast</subfield><subfield code="0">(OCoLC)fst01216531</subfield></datafield><datafield ind1=" " ind2="7" tag="651"><subfield code="a">Florida</subfield><subfield code="z">Walton County.</subfield><subfield code="2">fast</subfield><subfield code="0">(OCoLC)fst01216539</subfield></datafield><datafield ind1=" " ind2="7" tag="651"><subfield code="a">Ohio</subfield><subfield code="z">Cincinnati.</subfield><subfield code="2">fast</subfield><subfield code="0">(OCoLC)fst01205142</subfield></datafield><datafield ind1=" " ind2="7" tag="651"><subfield code="a">Ohio</subfield><subfield code="z">Hamilton County.</subfield><subfield code="2">fast</subfield><subfield code="0">(OCoLC)fst01205597</subfield></datafield><datafield ind1=" " ind2=" " tag="752"><subfield code="a">United States</subfield><subfield code="b">Ohio</subfield><subfield code="c">Hamilton</subfield><subfield code="d">Cincinnati.</subfield></datafield><datafield ind1=" " ind2=" " tag="752"><subfield code="a">United States</subfield><subfield code="b">Florida</subfield><subfield code="c">Walton</subfield><subfield code="d">De Funiak Springs.</subfield></datafield><datafield ind1="0" ind2="0" tag="785"><subfield code="t">Chautauqua camp and fireside</subfield><subfield code="w">(DLC)sn 97027923</subfield><subfield code="w">(OCoLC)37318554</subfield></datafield></record>